%% This BibTeX bibliography file was created using BibDesk.
%% http://bibdesk.sourceforge.net/


%% Created for Timothy Shokair at 2013-09-13 11:03:50 -0700 


%% Saved with string encoding Unicode (UTF-8) 



@techreport{mcnp,
	Author = {J. F. Briesmeister},
	Date-Added = {2012-08-21 14:43:25 -0400},
	Date-Modified = {2012-08-21 14:50:04 -0400},
	Institution = {Los Alamos National Laboratory},
	Month = {November},
	Number = {LA-12625-M},
	Title = {MCNP: A General Monte Carlo N-Particle Transport Code},
	Year = {1993}}

@techreport{eggs,
	Address = {Stanford University, Stanford CA 94305},
	Author = {W. R. Nelson and Y. Namito},
	Date-Added = {2012-08-21 14:42:09 -0400},
	Date-Modified = {2012-08-21 14:47:25 -0400},
	Institution = {Stanford Linear Accelerator Center},
	Month = {February},
	Number = {5193},
	Title = {The EGS4 Code System: Solution},
	Year = {1990}}

@phdthesis{maclellen,
	Address = {Kingston, Ontario, Canada},
	Author = {R. MacLellan},
	Date-Added = {2012-08-15 17:29:30 -0400},
	Date-Modified = {2012-08-19 15:16:59 -0400},
	Month = {Sep},
	School = {Queens Univeristy},
	Title = {The Energy Calibration for the Solar Neutrino Analysis of all Three Phases of the Sudbury Neutrino Observatory},
	Year = {2009}}

@article{dmRuiz,
	Author = {S. Palomares-Ruiz and S. Pascoli},
	Date-Added = {2012-08-14 16:43:25 -0400},
	Date-Modified = {2012-08-14 16:45:37 -0400},
	Journal = {Phys. Rev. D},
	Month = {Jan.},
	Number = {025025},
	Title = {Testing MeV Dark Matter with Neutrino Detectors},
	Volume = {77},
	Year = {2008}}

@article{multiplicity,
	Author = {B. Aharmim et. al.},
	Date-Added = {2012-08-14 12:05:38 -0400},
	Date-Modified = {2012-08-14 12:09:22 -0400},
	Journal = {Astrophysics Journal},
	Month = {February},
	Number = {83},
	Title = {Low Multiplicity Burst Search at the Sudbury Neutrino Observatory},
	Volume = {728},
	Year = {2011}}

@article{nuance,
	Author = {D. Casper},
	Date-Added = {2012-08-14 11:55:58 -0400},
	Date-Modified = {2012-08-14 11:57:12 -0400},
	Journal = {Nuclear Physics B.},
	Number = {161},
	Title = {The NUANCE Neutrino Physics Simulation, and the Future},
	Volume = {112},
	Year = {2002}}

@article{lim,
	Author = {C. Lim and W. Marciano},
	Date-Added = {2012-08-13 16:48:25 -0400},
	Date-Modified = {2012-08-13 16:51:30 -0400},
	Journal = {Phys. Rev. D},
	Month = {March},
	Number = {6},
	Pages = {1368-1373},
	Title = {Resonant Spin-Flavor Precession of Solar and Supernova Neutrinos},
	Volume = {37},
	Year = {1988}}

@article{leta,
	Author = {B. Aharmim et. al.},
	Date-Added = {2012-08-09 21:16:30 -0400},
	Date-Modified = {2012-08-09 21:18:11 -0400},
	Journal = {Phys. Rev. C.},
	Month = {May},
	Number = {055504},
	Title = {Low-Energy-Threshold Analysis of the Phase I and Phase II Data Sets of the Sudbury Neutrino Observatory},
	Volume = {81},
	Year = {2010}}

@phdthesis{neubauer,
	Author = {M. Neubauer},
	Date-Added = {2012-08-06 03:37:11 -0400},
	Date-Modified = {2012-08-19 15:17:34 -0400},
	School = {University of Pennsylvania},
	Title = {Evidence for Electron Neutrino Flavor Change Through Measurement of the $^8$B Solar Neutrino Flux at the Sudbury Neutrino Obersvatory},
	Year = {2001}}

@phdthesis{seibert,
	Author = {S. Seibert},
	Date-Added = {2012-08-06 03:37:07 -0400},
	Date-Modified = {2012-08-19 15:18:02 -0400},
	Month = {August},
	School = {University of Texas},
	Title = {A Low Energy Measurement of the $^8$B Solar Neutrino Spectrum at the Sudbury Neutrino Observatory},
	Year = {2008}}

@article{ergov,
	Author = {A.M.Egorov, G.G.Likhachev, A.I.Studenikin},
	Date-Added = {2012-08-06 03:17:37 -0400},
	Date-Modified = {2012-08-06 03:19:47 -0400},
	Journal = {arxiv},
	Month = {Jun},
	Number = {arXiv:astro-ph/9506013v2},
	Title = {Neutrino Spin and Flavour Conversion and Oscillations in Magnetic Field},
	Year = {1995}}

@article{okun,
	Author = {Okun L.B. and Voloshin M.B. and Vysotsky M.I.},
	Date-Added = {2012-08-06 03:03:04 -0400},
	Date-Modified = {2012-08-06 03:22:04 -0400},
	Journal = {Sov. Phys. JETP},
	Number = {446},
	Volume = {64},
	Year = {1986}}

@article{murayama,
	Author = {Murayama, Hitoshi and Pierce, Aaron},
	Date-Added = {2012-08-06 02:58:28 -0400},
	Date-Modified = {2012-08-06 03:01:30 -0400},
	Journal = {Phys. Rev. D},
	Month = {Dec},
	Number = {10.1103/PhysRevD.65.013012},
	Pages = {013012},
	Title = {Energy Spectra of Reactor Neutrinos at KamLAND},
	Volume = {65},
	Year = {2001}}

@webpage{ks,
	Author = {Weisstein, Eric W.},
	Date-Added = {2012-08-03 18:02:41 -0400},
	Date-Modified = {2012-08-03 18:04:20 -0400},
	Keywords = {From MathWorld--A Wolfram Web Resource},
	Lastchecked = {Fri Jul 27 2012},
	Title = {Kolmogorov-Smirnov Test},
	Url = {http://mathworld.wolfram.com/Kolmogorov-SmirnovTest.html},
	Bdsk-Url-1 = {http://mathworld.wolfram.com/Kolmogorov-SmirnovTest.html}}

@techreport{guillian,
	Author = {Eugene Guillian},
	Date-Added = {2012-08-03 18:00:55 -0400},
	Date-Modified = {2012-08-03 18:02:34 -0400},
	Institution = {SNO},
	Month = {June},
	Title = {The Reactor Antineutrino Flux at Sudbury},
	Type = {Internal Memo},
	Year = {2007}}

@article{kubodera,
	Author = {Nakamura, S. and Sato, T. and Gudkov, V. and Kubodera, K.},
	Date-Added = {2012-07-30 23:02:17 -0400},
	Date-Modified = {2012-07-30 23:17:16 -0400},
	Journal = {Phys. Rev. C.},
	Month = {February},
	Number = {034617},
	Title = {Neutrino Interactions on the Deuteron},
	Volume = {63},
	Year = {2001}}

@article{cousins,
	Author = {Feldman, Gary J. and Cousins, Robert D.},
	Date-Added = {2012-07-30 22:35:07 -0400},
	Date-Modified = {2012-07-30 22:38:30 -0400},
	Journal = {Phys. Rev. D},
	Month = {Apr},
	Number = {7},
	Pages = {3873--3889},
	Title = {Unified approach to the classical statistical analysis of small signals},
	Volume = {57},
	Year = {1998}}

@article{kamlandR,
	Author = {Abe, S. et. al.},
	Date-Added = {2012-07-30 21:09:37 -0400},
	Date-Modified = {2012-07-30 21:11:01 -0400},
	Journal = {Phys. Rev. Lett.},
	Month = {Jun},
	Number = {10.1103/PhysRevLett.100.221803},
	Pages = {221803},
	Title = {Precision Measurement of Neutrino Oscillation Parameters with KamLAND},
	Volume = {100},
	Year = {2008}}

@article{elliot,
	Author = {Steven R. Elliot, Petr Vogel},
	Date-Added = {2012-07-27 12:05:57 -0400},
	Date-Modified = {2012-07-27 12:05:57 -0400},
	Journal = {Annu Rev. Nucl. Part. Sci.},
	Pages = {115-151},
	Title = {Double Beta Decay},
	Volume = {52},
	Year = {2002}}

@article{elliot_2,
	Author = {Avignone, Frank T. and Elliott, Steven R. and Engel, Jonat},
	Date-Added = {2012-07-27 12:05:57 -0400},
	Date-Modified = {2012-07-27 12:05:57 -0400},
	Journal = {Rev. Mod. Phys.},
	Month = {Apr},
	Number = {2},
	Pages = {481--516},
	Title = {Double Beta Decay, Majorana Neutrinos, and Neutrino Mass},
	Volume = {80},
	Year = {2008}}

@article{ncdLong,
	Author = {B. Aharmim et. al.},
	Date-Added = {2012-07-27 10:53:56 -0400},
	Date-Modified = {2012-07-27 10:56:43 -0400},
	Journal = {Submitted to Phys. Rev. C.},
	Number = {arXiv:1107.2901v1 [nucl-ex]},
	Title = {Measurement of the $Î½_e$ and Total $^{8}$B Solar Neutrino Fluxes with the Sudbury Neutrino Observatory Phase-III Data Set},
	Year = {Submitted July 2011}}

@phdthesis{oblaththesis,
	Author = {N. Oblath},
	Date-Added = {2012-07-27 10:45:40 -0400},
	Date-Modified = {2012-08-19 15:17:42 -0400},
	School = {University of Washington},
	Title = {A Measurement of Neutral-Current Neutrino Interactions at the Sudbury Neutrino Observatory with an Array of $^3$He Proportional Counters},
	Year = {2009}}

@article{skNIM,
	Author = {S. Fukuda and Y. Fukuda and T. Hayakawa and E. Ichihara and M. Ishitsuka and Y. Itow and T. Kajita and J. Kameda and K. Kaneyuki and S. Kasuga and K. Kobayashi and Y. Kobayashi and Y. Koshio and M. Miura and S. Moriyama and M. Nakahata and S. Nakayama and T. Namba and Y. Obayashi and A. Okada and M. Oketa and K. Okumura and T. Oyabu and N. Sakurai and M. Shiozawa and Y. Suzuki and Y. Takeuchi and T. Toshito and Y. Totsuka and S. Yamada and S. Desai and M. Earl and J.T. Hong and E. Kearns and M. Masuzawa and M.D. Messier and J.L. Stone and L.R. Sulak and C.W. Walter and W. Wang and K. Scholberg and T. Barszczak and D. Casper and D.W. Liu and W. Gajewski and P.G. Halverson and J. Hsu and W.R. Kropp and S. Mine and L.R. Price and F. Reines and M. Smy and H.W. Sobel and M.R. Vagins and K.S. Ganezer and W.E. Keig and R.W. Ellsworth and S. Tasaka and J.W. Flanagan and A. Kibayashi and J.G. Learned and S. Matsuno and V.J. Stenger and Y. Hayato and T. Ishii and A. Ichikawa and J. Kanzaki and T. Kobayashi and T. Maruyama and K. Nakamura and Y. Oyama and A. Sakai and M. Sakuda and O. Sasaki and S. Echigo and T. Iwashita and M. Kohama and A.T. Suzuki and M. Hasegawa and T. Inagaki and I. Kato and H. Maesaka and T. Nakaya and K. Nishikawa and S. Yamamoto and T.J. Haines and B.K. Kim and R. Sanford and R. Svoboda and E. Blaufuss and M.L. Chen and Z. Conner and J.A. Goodman and E. Guillian and G.W. Sullivan and D. Turcan and A. Habig and M. Ackerman and F. Goebel and J. Hill and C.K. Jung and T. Kato and D. Kerr and M. Malek and K. Martens and C. Mauger and C. McGrew and E. Sharkey and B. Viren and C. Yanagisawa and W. Doki and S. Inaba and K. Ito and M. Kirisawa and M. Kitaguchi and C. Mitsuda and K. Miyano and C. Saji and M. Takahata and M. Takahashi and K. Higuchi and Y. Kajiyama and A. Kusano and Y. Nagashima and K. Nitta and M. Takita and T. Yamaguchi and M. Yoshida and H.I. Kim and S.B. Kim and J. Yoo and H. Okazawa and M. Etoh and K. Fujita and Y. Gando and A. Hasegawa and T. Hasegawa and S. Hatakeyama and K. Inoue and K. Ishihara and T. Iwamoto and M. Koga and I. Nishiyama and H. Ogawa and J. Shirai and A. Suzuki and T. Takayama and F. Tsushima and M. Koshiba and Y. Ichikawa and T. Hashimoto and Y. Hatakeyama and M. Koike and T. Horiuchi and M. Nemoto and K. Nishijima and H. Takeda and H. Fujiyasu and T. Futagami and H. Ishino and Y. Kanaya and M. Morii and H. Nishihama and H. Nishimura and T. Suzuki and Y. Watanabe and D. Kielczewska and U. Golebiewska and H.G. Berns and S.B. Boyd and R.A. Doyle and J.S. George and A.L. Stachyra and L.L. Wai and R.J. Wilkes and K.K. Young and H. Kobayashi},
	Date-Added = {2012-07-24 16:49:36 -0400},
	Date-Modified = {2012-07-24 16:49:42 -0400},
	Doi = {10.1016/S0168-9002(03)00425-X},
	Issn = {0168-9002},
	Journal = {Nuclear Instruments and Methods in Physics Research Section A: Accelerators, Spectrometers, Detectors and Associated Equipment},
	Keywords = {Cosmic rays},
	Number = {2--3},
	Pages = {418 - 462},
	Title = {The Super-Kamiokande detector},
	Url = {http://www.sciencedirect.com/science/article/pii/S016890020300425X},
	Volume = {501},
	Year = {2003},
	Bdsk-Url-1 = {http://www.sciencedirect.com/science/article/pii/S016890020300425X},
	Bdsk-Url-2 = {http://dx.doi.org/10.1016/S0168-9002(03)00425-X}}

@proceedings{fengDM,
	Address = {San Diego, CA},
	Author = {Jonathan L. Feng},
	Date-Added = {2012-07-24 15:52:43 -0400},
	Date-Modified = {2012-07-24 16:01:09 -0400},
	Month = {May},
	Number = {AIP Con. Proc 1182, pp. 224-229},
	Organization = {10TH CONFERENCE ON THE INTERSECTIONS OF PARTICLE AND NUCLEAR PHYSICS},
	Publisher = {American Institute of Physics},
	Title = {Dark Matter Phenomenology},
	Year = {2009}}

@article{skSolar,
	Author = { Y. Gando \emph{et. al}},
	Date-Added = {2012-07-24 15:46:56 -0400},
	Date-Modified = {2013-09-13 18:03:50 +0000},
	Journal = {Phys. Rev. Lett.},
	Month = {May},
	Number = {17},
	Pages = {171302},
	Title = {Search for $\bar{\nu}_e$ from the Sun at Super-Kamiokande},
	Volume = {90},
	Year = {2003}}

@article{icecubeDM,
	Author = {R. Abbasi et. al.},
	Date-Added = {2012-07-24 15:36:01 -0400},
	Date-Modified = {2012-08-19 15:19:32 -0400},
	Journal = {Phys. Rev. D},
	Month = {July},
	Number = {2},
	Pages = {022004},
	Title = {Search for dark matter from the Galactic halo with the IceCube Neutrino Telescope},
	Volume = {84},
	Year = {2011}}

@article{skDM,
	Abstract = {We present the result of an indirect search for high energy neutrinos from Weakly Interacting Massive Particle (WIMP) annihilation in the Sun using upward-going muon (upmu) events at Super-Kamiokande. Data sets from SKI-SKIII (3109.6 days) were used for the analysis. We looked for an excess of neutrino signal from the Sun as compared with the expected atmospheric neutrino background in three upmu categories: stopping, non-showering, and showering. No significant excess was observed. The 90% C.L. upper limits of upmu flux induced by WIMPs of 100 GeV c -2 were 6.4 Ã 10 --15 cm --2 s --1 and 4.0 Ã 10 --15 cm --2 s --1 for the soft and hard annihilation channels, respectively. These limits correspond to upper limits of 4.5 Ã 10 --39 cm --2 and 2.7 Ã 10 --40 cm --2 for spin-dependent WIMP-nucleon scattering cross sections in the soft and hard annihilation channels, respectively.},
	Author = {T. Tanaka and K. Abe and Y. Hayato and T. Iida and J. Kameda and Y. Koshio and Y. Kouzuma and M. Miura and S. Moriyama and M. Nakahata and S. Nakayama and Y. Obayashi and H. Sekiya and M. Shiozawa and Y. Suzuki and A. Takeda and Y. Takenaga and K. Ueno and K. Ueshima and S. Yamada and T. Yokozawa and C. Ishihara and S. Hazama and H. Kaji and T. Kajita and K. Kaneyuki and T. McLachlan and K. Okumura and Y. Shimizu and N. Tanimoto and F. Dufour and E. Kearns and M. Litos and J. L. Raaf and J. L. Stone and L. R. Sulak and J. P. Cravens and K. Bays and W. R. Kropp and S. Mine and C. Regis and M. B. Smy and H. W. Sobel and K. S. Ganezer and J. Hill and W. E. Keig and J. S. Jang and J. Y. Kim and I. T. Lim and J. B. Albert and K. Scholberg and C. W. Walter and R. Wendell and T. Wongjirad and T. Ishizuka and S. Tasaka and J. G. Learned and S. Matsuno and S. Smith and K. Martens and M. Vagins and Y. Watanabe and T. Hasegawa and T. Ishida and T. Ishii and T. Kobayashi and T. Nakadaira and K. Nakamura and K. Nishikawa and H. Nishino and Y. Oyama and K. Sakashita and T. Sekiguchi and T. Tsukamoto and A. T. Suzuki and Y. Takeuchi and M. Ikeda and A. Minamino and T. Nakaya and L. Labarga and Y. Fukuda and Y. Itow and G. Mitsuka and C. K. Jung and C. McGrew and G. Lopez and C. Yanagisawa and N. Tamura and H. Ishino and A. Kibayashi and M. Sakuda and Y. Kuno and M. Yoshida and S. B. Kim and B. S. Yang and H. Okazawa and Y. Choi and K. Nishijima and Y. Yokosawa and M. Koshiba and Y. Totsuka and M. Yokoyama and S. Chen and Y. Heng and Z. Yang and H. Zhang and D. Kielczewska and P. Mijakowski and K. Connolly and M. Dziomba and E. Thrane and R. J. Wilkes and (The Super-Kamiokande Collaboration)},
	Date-Added = {2012-07-24 15:32:39 -0400},
	Date-Modified = {2012-07-24 15:32:47 -0400},
	Journal = {The Astrophysical Journal},
	Number = {2},
	Pages = {78},
	Title = {An Indirect Search for Weakly Interacting Massive Particles in the Sun Using 3109.6 Days of Upward-going Muons in Super-Kamiokande},
	Url = {http://stacks.iop.org/0004-637X/742/i=2/a=78},
	Volume = {742},
	Year = {2011},
	Bdsk-Url-1 = {http://stacks.iop.org/0004-637X/742/i=2/a=78}}

@article{skSN,
	Author = {Bays, K. and Iida, T. and Abe, K. and Hayato, Y. and Iyogi, K. and Kameda, J. and Koshio, Y. and Marti, L. and Miura, M. and Moriyama, S. and Nakahata, M. and Nakayama, S. and Obayashi, Y. and Sekiya, H. and Shiozawa, M. and Suzuki, Y. and Takeda, A. and Takenaga, Y. and Ueno, K. and Ueshima, K. and Yamada, S. and Yokozawa, T. and Kaji, H. and Kajita, T. and Kaneyuki, K. and McLachlan, T. and Okumura, K. and Lee, K. P. and Martens, K. and Vagins, M. and Labarga, L. and Kearns, E. and Litos, M. and Raaf, J. L. and Stone, J. L. and Sulak, L. R. and Kropp, W. R. and Mine, S. and Regis, C. and Renshaw, A. and Smy, M. B. and Sobel, H. W. and Ganezer, K. S. and Hill, J. and Keig, W. E. and Cho, S. and Jang, J. S. and Kim, J. Y. and Lim, I. T. and Albert, J. and Scholberg, K. and Walter, C. W. and Wendell, R. and Wongjirad, T. and Ishizuka, T. and Tasaka, S. and Learned, J. G. and Matsuno, S. and Smith, S. and Hasegawa, T. and Ishida, T. and Ishii, T. and Kobayashi, T. and Nakadaira, T. and Nakamura, K. and Nishikawa, K. and Oyama, Y. and Sakashita, K. and Sekiguchi, T. and Tsukamoto, T. and Suzuki, A. T. and Takeuchi, Y. and Ikeda, M. and Matsuoka, K. and Minamino, A. and Murakami, A. and Nakaya, T. and Fukuda, Y. and Itow, Y. and Mitsuka, G. and Miyake, M. and Tanaka, T. and Hignight, J. and Imber, J. and Jung, C. K. and Taylor, I. and Yanagisawa, C. and Kibayashi, A. and Ishino, H. and Mino, S. and Sakuda, M. and Mori, T. and Toyota, H. and Kuno, Y. and Kim, S. B. and Yang, B. S. and Okazawa, H. and Choi, Y. and Nishijima, K. and Koshiba, M. and Totsuka, Y. and Yokoyama, M. and Heng, Y. and Chen, S. and Zhang, H. and Yang, Z. and Mijakowski, P. and Connolly, K. and Dziomba, M. and Wilkes, R. J.},
	Date-Added = {2012-07-24 15:26:24 -0400},
	Date-Modified = {2012-07-24 15:28:07 -0400},
	Journal = {Phys. Rev. D},
	Month = {Mar},
	Number = {5},
	Pages = {052007},
	Title = {Supernova Relic Neutrino Search at Super-Kamiokande},
	Volume = {85},
	Year = {2012}}

@article{dm,
	Author = {Conservative constraints on dark matter annihilation into gamma rays},
	Date-Added = {2012-07-23 22:43:51 -0400},
	Date-Modified = {2012-07-23 22:45:46 -0400},
	Journal = {Phys. Rev. D},
	Month = {Sep},
	Number = {6},
	Pages = {063542},
	Title = {Mack, Gregory D. and Jacques, Thomas D. and Beacom, John F. and Bell, Nicole F. and Y\"uksel, Hasan},
	Volume = {78},
	Year = {2008}}

@book{boehmandvogel,
	Author = {Felix Boehm and Petr Vogel},
	Date-Added = {2012-07-23 22:35:30 -0400},
	Date-Modified = {2012-07-23 22:35:30 -0400},
	Edition = {2},
	Month = {June},
	Publisher = {Cambridge University Press},
	Title = {Physics of Massive Neutrinos},
	Year = {1992}}

@article{snBG,
	Author = {Shin'ichiro Ando and Katsuhiko Sato},
	Date-Added = {2012-07-23 20:57:30 -0400},
	Date-Modified = {2012-07-23 20:58:52 -0400},
	Journal = {New Journal of Physics},
	Number = {10.1088/1367-2630/6/1/170},
	Pages = {170--170},
	Title = {Relic neutrino background from cosmological supernovae},
	Volume = {6},
	Year = {2004}}

@article{akhmedovPulido,
	Author = {E. K. Akhmedov and J. Pulido},
	Date-Added = {2012-07-23 18:34:22 -0400},
	Date-Modified = {2012-08-19 15:20:03 -0400},
	Doi = {10.1016/S0370-2693(02)03182-9},
	Issn = {0370-2693},
	Journal = {Physics Letters B},
	Number = {1--2},
	Pages = {7 - 17},
	Title = {Solar neutrino oscillations and bounds on neutrino magnetic moment and solar magnetic field},
	Url = {http://www.sciencedirect.com/science/article/pii/S0370269302031829},
	Volume = {553},
	Year = {2003},
	Bdsk-Url-1 = {http://www.sciencedirect.com/science/article/pii/S0370269302031829},
	Bdsk-Url-2 = {http://dx.doi.org/10.1016/S0370-2693(02)03182-9}}

@article{borexinoSolar,
	Author = {Bellini, G. and Benziger, J. and Bick, D. and Bonetti, S. and Bonfini, G. and Buizza Avanzini, M. and Caccianiga, B. and Cadonati, L. and Calaprice, F. and Carraro, C. and Cavalcante, P. and Chavarria, A. and D'Angelo, D. and Davini, S. and Derbin, A. and Etenko, A. and Fomenko, K. and Franco, D. and Galbiati, C. and Gazzana, S. and Ghiano, C. and Giammarchi, M. and Goeger-Neff, M. and Goretti, A. and Grandi, L. and Guardincerri, E. and Hardy, S. and Ianni, Aldo and Ianni, Andrea and Kobychev, V. and Korablev, D. and Korga, G. and Koshio, Y. and Kryn, D. and Laubenstein, M. and Lewke, T. and Litvinovich, E. and Loer, B. and Lombardi, F. and Lombardi, P. and Ludhova, L. and Machulin, I. and Manecki, S. and Maneschg, W. and Manuzio, G. and Meindl, Q. and Meroni, E. and Miramonti, L. and Misiaszek, M. and Montanari, D. and Mosteiro, P. and Muratova, V. and Oberauer, L. and Obolensky, M. and Ortica, F. and Pallavicini, M. and Papp, L. and Pe\~na-Garay, C. and Perasso, L. and Perasso, S. and Pocar, A. and Raghavan, R. S. and Ranucci, G. and Razeto, A. and Re, A. and Romani, A. and Sabelnikov, A. and Saldanha, R. and Salvo, C. and Sch\"onert, S. and Simgen, H. and Skorokhvatov, M. and Smirnov, O. and Sotnikov, A. and Sukhotin, S. and Suvorov, Y. and Tartaglia, R. and Testera, G. and Vignaud, D. and Vogelaar, R. B. and von Feilitzsch, F. and Winter, J. and Wojcik, M. and Wright, A. and Wurm, M. and Xu, J. and Zaimidoroga, O. and Zavatarelli, S. and Zuzel, G.},
	Date-Added = {2012-07-23 17:51:48 -0400},
	Date-Modified = {2012-07-23 17:55:50 -0400},
	Journal = {Phys. Rev. Lett.},
	Month = {Sep},
	Number = {14},
	Pages = {141302},
	Title = {Precision Measurement of the $^{7}\mathrm{Be}$ Solar Neutrino Interaction Rate in Borexino},
	Volume = {107},
	Year = {2011},
	Bdsk-File-1 = {YnBsaXN0MDDUAQIDBAUGJCVYJHZlcnNpb25YJG9iamVjdHNZJGFyY2hpdmVyVCR0b3ASAAGGoKgHCBMUFRYaIVUkbnVsbNMJCgsMDxJXTlMua2V5c1pOUy5vYmplY3RzViRjbGFzc6INDoACgAOiEBGABIAFgAdccmVsYXRpdmVQYXRoWWFsaWFzRGF0YV8QIS4uLy4uL0RvY3VtZW50cy9ib3JleGlub1NvbGFyLnJ0ZtIXCxgZV05TLmRhdGFPEQGQAAAAAAGQAAIAAAxNYWNpbnRvc2ggSEQAAAAAAAAAAAAAAAAAAADIWVZJSCsAAAALpbIRYm9yZXhpbm9Tb2xhci5ydGYAAAAAAAAAAAAAAAAAAAAAAAAAAAAAAAAAAAAAAAAAAAAAAAAAAAAAAAAAAAAAAROBjcwzPyIAAAAAAAAAAAACAAIAAAkgAAAAAAAAAAAAAAAAAAAACURvY3VtZW50cwAAEAAIAADIWY6JAAAAEQAIAADMM3diAAAAAQAMAAulsgALpaUAAJK1AAIAOU1hY2ludG9zaCBIRDpVc2Vyczp0aW1zaG9rYWlyOkRvY3VtZW50czpib3JleGlub1NvbGFyLnJ0ZgAADgAkABEAYgBvAHIAZQB4AGkAbgBvAFMAbwBsAGEAcgAuAHIAdABmAA8AGgAMAE0AYQBjAGkAbgB0AG8AcwBoACAASABEABIALFVzZXJzL3RpbXNob2thaXIvRG9jdW1lbnRzL2JvcmV4aW5vU29sYXIucnRmABMAAS8AABUAAgAR//8AAIAG0hscHR5aJGNsYXNzbmFtZVgkY2xhc3Nlc11OU011dGFibGVEYXRhox0fIFZOU0RhdGFYTlNPYmplY3TSGxwiI1xOU0RpY3Rpb25hcnmiIiBfEA9OU0tleWVkQXJjaGl2ZXLRJidUcm9vdIABAAgAEQAaACMALQAyADcAQABGAE0AVQBgAGcAagBsAG4AcQBzAHUAdwCEAI4AsgC3AL8CUwJVAloCZQJuAnwCgAKHApAClQKiAqUCtwK6Ar8AAAAAAAACAQAAAAAAAAAoAAAAAAAAAAAAAAAAAAACwQ==}}

@article{borexino,
	Author = {G. Bellini and J. Benziger and S. Bonetti and M. Buizza Avanzini and B. Caccianiga and L. Cadonati and F. Calaprice and C. Carraro and A. Chavarria and A. Chepurnov and D. D'Angelo and S. Davini and A. Derbin and A. Etenko and K. Fomenko and D. Franco and C. Galbiati and S. Gazzana and C. Ghiano and M. Giammarchi and M. Goeger-Neff and A. Goretti and E. Guardincerri and S. Hardy and Aldo Ianni and Andrea Ianni and M. Joyce and V.V. Kobychev and D. Korablev and Y. Koshio and G. Korga and D. Kryn and M. Laubenstein and T. Lewke and E. Litvinovich and B. Loer and P. Lombardi and L. Ludhova and I. Machulin and S. Manecki and W. Maneschg and G. Manuzio and Q. Meindl and E. Meroni and L. Miramonti and M. Misiaszek and D. Montanari and V. Muratova and L. Oberauer and M. Obolensky and F. Ortica and M. Pallavicini and L. Papp and L. Perasso and S. Perasso and A. Pocar and R.S. Raghavan and G. Ranucci and A. Razeto and A. Re and P. Risso and A. Romani and D. Rountree and A. Sabelnikov and R. Saldanha and C. Salvo and S. Sch{\"o}nert and H. Simgen and M. Skorokhvatov and O. Smirnov and A. Sotnikov and S. Sukhotin and Y. Suvorov and R. Tartaglia and G. Testera and D. Vignaud and R.B. Vogelaar and F. von Feilitzsch and J. Winter and M. Wojcik and A. Wright and M. Wurm and J. Xu and O. Zaimidoroga and S. Zavatarelli and G. Zuzel},
	Date-Added = {2012-07-23 17:37:39 -0400},
	Date-Modified = {2012-07-23 17:38:03 -0400},
	Doi = {10.1016/j.physletb.2010.12.030},
	Issn = {0370-2693},
	Journal = {Physics Letters B},
	Keywords = {Liquid scintillator},
	Number = {3},
	Pages = {191 - 196},
	Title = {Study of solar and other unknown anti-neutrino fluxes with Borexino at LNGS},
	Url = {http://www.sciencedirect.com/science/article/pii/S037026931001422X},
	Volume = {696},
	Year = {2011},
	Bdsk-Url-1 = {http://www.sciencedirect.com/science/article/pii/S037026931001422X},
	Bdsk-Url-2 = {http://dx.doi.org/10.1016/j.physletb.2010.12.030}}

@url{lbl,
	Author = {KamLAND Collaboration},
	Date-Added = {2012-07-23 17:32:16 -0400},
	Date-Modified = {2012-07-23 17:34:42 -0400},
	Keywords = {Kamland},
	Title = {Kamland},
	Url = {http://kamland.lbl.gov/},
	Bdsk-Url-1 = {http://kamland.lbl.gov/}}

@article{kamland2,
	Abstract = {We present the results of a search for extraterrestrial electron antineutrinos ( ##IMG## [http://ej.iop.org/images/0004-637X/745/2/193/apj411430ieqn1.gif] {$\overline{\nu }_{e}$} 's) in the energy range ##IMG## [http://ej.iop.org/images/0004-637X/745/2/193/apj411430ieqn2.gif] {$8.3\,{\rm MeV} < E_{\overline{\nu }_{e}} < 31.8\,{\rm MeV}$} using the KamLAND detector. In an exposure of 4.53 kton-year, we identify 25 candidate events. All of the candidate events can be attributed to background, most importantly neutral current atmospheric neutrino interactions, setting an upper limit on the probability of 8 B solar Î½ e 's converting into ##IMG## [http://ej.iop.org/images/0004-637X/745/2/193/apj411430ieqn3.gif] {$\overline{\nu }_{e}$} 's at 5.3 Ã 10 --5 (90% CL), if we assume an undistorted ##IMG## [http://ej.iop.org/images/0004-637X/745/2/193/apj411430ieqn4.gif] {$\overline{\nu }_{e}$} shape. This limit corresponds to a solar ##IMG## [http://ej.iop.org/images/0004-637X/745/2/193/apj411430ieqn5.gif] {$\overline{\nu }_{e}$} flux of 93 cm --2 s --1 or an event rate of 1.6 events (kton -- year) --1 above the energy threshold ##IMG## [http://ej.iop.org/images/0004-637X/745/2/193/apj411430ieqn6.gif] {$(E_{\overline{\nu }_{e}} \ge 8.3 \,{\rm MeV})$} . The present data also allows us to set more stringent limits on the diffuse supernova neutrino flux and on the annihilation rates for light dark matter particles.},
	Author = {A. Gando and Y. Gando and K. Ichimura and H. Ikeda and K. Inoue and Y. Kibe and Y. Kishimoto and M. Koga and Y. Minekawa and T. Mitsui and T. Morikawa and N. Nagai and K. Nakajima and K. Nakamura and K. Narita and I. Shimizu and Y. Shimizu and J. Shirai and F. Suekane and A. Suzuki and H. Takahashi and N. Takahashi and Y. Takemoto and K. Tamae and H. Watanabe and B. D. Xu and H. Yabumoto and H. Yoshida and S. Yoshida and S. Enomoto and A. Kozlov and H. Murayama and C. Grant and G. Keefer and A. Piepke and T. I. Banks and T. Bloxham and J. A. Detwiler and S. J. Freedman and B. K. Fujikawa and K. Han and R. Kadel and T. O'Donnell and H. M. Steiner and D. A. Dwyer and R. D. McKeown and C. Zhang and B. E. Berger and C. E. Lane and J. Maricic and T. Miletic and M. Batygov and J. G. Learned and S. Matsuno and M. Sakai and G. A. Horton-Smith and K. E. Downum and G. Gratta and Y. Efremenko and Y. Kamyshkov and O. Perevozchikov and H. J. Karwowski and D. M. Markoff and W. Tornow and K. M. Heeger and M. P. Decowski},
	Date-Added = {2012-07-18 16:59:36 -0400},
	Date-Modified = {2012-07-18 17:00:00 -0400},
	Journal = {The Astrophysical Journal},
	Number = {2},
	Pages = {193},
	Title = {Search for Extraterrestrial Antineutrino Sources with the KamLAND Detector},
	Url = {http://stacks.iop.org/0004-637X/745/i=2/a=193},
	Volume = {745},
	Year = {2012},
	Bdsk-Url-1 = {http://stacks.iop.org/0004-637X/745/i=2/a=193}}

@article{snoantinu,
	Author = {B. Aharmim \emph{et. al.}},
	Date-Added = {2012-07-18 15:51:30 -0400},
	Date-Modified = {2013-09-13 18:01:36 +0000},
	Journal = {Physical Reviw D},
	Month = {November},
	Number = {092014},
	Pages = {1-8},
	Title = {Electron antineutrino search at the Sudbury Neutrino Observatory},
	Volume = {70},
	Year = {2004}}

@article{kamland,
	Author = {KamLAND Collaboration},
	Date-Added = {2012-07-18 15:50:46 -0400},
	Date-Modified = {2012-07-18 15:50:46 -0400},
	Journal = {Physical Review Letters},
	Number = {071301},
	Title = {A High Sensitivty Search for $\bar{\nu}_e$'s from the Sun and Other Sources at KamLAND},
	Volume = {90},
	Year = {2004}}

@book{mandp,
	Author = {Rabindra N. Mohapatra and Palash B. Pal},
	Date-Added = {2012-07-18 15:50:46 -0400},
	Date-Modified = {2012-07-18 15:50:46 -0400},
	Edition = {3},
	Month = {May},
	Publisher = {World Scientific Publishing},
	Title = {Massive Neutrinos in Physics and Astrophysics},
	Year = {2004}}

@article{sno,
	Author = {B. Aharmim et. al.},
	Date-Added = {2012-07-18 15:50:46 -0400},
	Date-Modified = {2012-08-19 15:20:43 -0400},
	Journal = {Physical Review Letters},
	Month = {May},
	Number = {18},
	Pages = {181301},
	Title = {Measurement of the Total Active $^{8}$B Solar Neutrino Flux at the Sudbury Neutrino Observatory with Enhanced Neutral Current Sensitivity},
	Volume = {92},
	Year = {2004}}

@proceedings{akhmedov_1,
	Author = {E. K. Akhmedov},
	Date-Added = {2012-07-18 15:50:46 -0400},
	Date-Modified = {2012-08-19 15:19:45 -0400},
	Month = {June},
	Organization = {XXII International Conference on Neutrino Physics and Astrophysics},
	Title = {Neutrino Oscillations: Theory and Phenomenology},
	Year = {2006}}

@article{bahcall,
	Author = {John N. Bahcall and Aldo M. Serenelli and Sarbani Basu},
	Date-Added = {2012-07-18 15:50:46 -0400},
	Date-Modified = {2012-07-18 15:50:46 -0400},
	Journal = {The Astrophysical Journal},
	Month = {March},
	Pages = {L85-L88},
	Title = {New Solar Opacities, Abundances, Helioseismology, and Neutrino Fluxes},
	Volume = {621},
	Year = {2005}}

@techreport{ncd_unidoc,
	Author = {The NCD Analysis Group},
	Date-Added = {2012-07-14 14:47:43 -0400},
	Date-Modified = {2012-07-14 14:49:02 -0400},
	Institution = {SNO},
	Month = {November},
	Title = {The NCD Unidoc},
	Year = {2002}}

@article{ncd,
	Author = {B. Aharmim et. al.},
	Collaboration = {SNO Collaboration},
	Date-Added = {2012-07-14 14:10:20 -0400},
	Date-Modified = {2012-08-19 15:25:29 -0400},
	Doi = {10.1103/PhysRevLett.101.111301},
	Issue = {11},
	Journal = {Phys. Rev. Lett.},
	Month = {Sep},
	Numpages = {5},
	Pages = {111301},
	Publisher = {American Physical Society},
	Title = {Independent Measurement of the Total Active $^{8}\mathrm{B}$ Solar Neutrino Flux Using an Array of $^{3}\mathrm{He}$ Proportional Counters at the Sudbury Neutrino Observatory},
	Url = {http://link.aps.org/doi/10.1103/PhysRevLett.101.111301},
	Volume = {101},
	Year = {2008},
	Bdsk-Url-1 = {http://link.aps.org/doi/10.1103/PhysRevLett.101.111301},
	Bdsk-Url-2 = {http://dx.doi.org/10.1103/PhysRevLett.101.111301}}

@article{Mason,
	Author = {J.P. Mason},
	Date-Added = {2012-07-12 11:18:26 -0400},
	Date-Modified = {2012-07-12 11:18:34 -0400},
	Doi = {10.1016/0168-9002(85)90534-0},
	Issn = {0168-9002},
	Journal = {Nuclear Instruments and Methods in Physics Research Section A: Accelerators, Spectrometers, Detectors and Associated Equipment},
	Number = {1},
	Pages = {207 - 209},
	Title = {A 6130 keV gamma-ray source using the 13C(Î±, n)16O reaction},
	Url = {http://www.sciencedirect.com/science/article/pii/0168900285905340},
	Volume = {241},
	Year = {1985},
	Bdsk-Url-1 = {http://www.sciencedirect.com/science/article/pii/0168900285905340},
	Bdsk-Url-2 = {http://dx.doi.org/10.1016/0168-9002(85)90534-0}}

@article{Pronko,
	Author = {J.G. Pronko and W.C. Olsen and J.T. Sample},
	Date-Added = {2012-07-12 11:16:23 -0400},
	Date-Modified = {2012-07-12 11:16:33 -0400},
	Doi = {10.1016/0029-5582(66)90573-6},
	Issn = {0029-5582},
	Journal = {Nuclear Physics},
	Keywords = {Nuclear reactions},
	Number = {2},
	Pages = {321 - 331},
	Title = {Levels in 21Ne using the 18O(Î±, nÎ³)21Ne reaction},
	Url = {http://www.sciencedirect.com/science/article/pii/0029558266905736},
	Volume = {83},
	Year = {1966},
	Bdsk-Url-1 = {http://www.sciencedirect.com/science/article/pii/0029558266905736},
	Bdsk-Url-2 = {http://dx.doi.org/10.1016/0029-5582(66)90573-6}}

@techreport{zhangmemo,
	Author = {F. Zhang},
	Date-Added = {2012-07-11 11:55:41 -0400},
	Date-Modified = {2012-08-19 15:18:11 -0400},
	Institution = {Carleton Univeristy},
	Month = {May},
	Title = {A Monte Carlo Study of the $\nu_{atm}$ background in the Full LETA Salt and D2O Dataset},
	Year = {2007}}

@phdthesis{monicathesis,
	Author = {M. Dunford},
	Date-Added = {2012-07-11 11:46:41 -0400},
	Date-Modified = {2012-08-19 15:17:09 -0400},
	School = {University of Pennsylvania},
	Title = {Measurement Of The 8B Solar Neutrino Energy Spectrum At The Sudbury Neutrino Observatory},
	Year = {2006}}

@techreport{avalpha,
	Author = {B. Cai, C. Kraus, A. Poon},
	Date-Added = {2012-07-11 11:13:04 -0400},
	Date-Modified = {2012-07-11 11:14:01 -0400},
	Institution = {SNO},
	Month = {May},
	Title = {External Neutrons for the NCD phase},
	Year = {2008}}

@techreport{otherbg,
	Author = {M. Boulay et. al.},
	Date-Added = {2012-07-11 10:59:11 -0400},
	Date-Modified = {2012-07-11 11:02:17 -0400},
	Institution = {SNO},
	Month = {August},
	Title = {"Other" Background Sources in the Salt Phase of SNO},
	Year = {2003}}

@manual{snomancompanion,
	Author = {Nick West},
	Date-Added = {2012-07-09 19:43:50 -0400},
	Date-Modified = {2012-07-12 11:29:34 -0400},
	Month = {February},
	Organization = {Oxford University},
	Title = {SNOMAN Companion 5.03},
	Url = {http://people.physics.carleton.ca/~yshin/SNO/snoman/companion_damn_bits.html},
	Year = {2002},
	Bdsk-Url-1 = {http://people.physics.carleton.ca/~yshin/SNO/snoman/companion_damn_bits.html}}

@phdthesis{neilthesis,
	Author = {Neil McCauley},
	Date-Added = {2012-07-09 19:34:07 -0400},
	Date-Modified = {2012-07-11 12:19:46 -0400},
	School = {Oxford University},
	Title = {Producing a Background Free Data Set for Measurement of the Charge Current Flux and Day-Night Asymmetry at the Sudbury Neutrino Observatory},
	Year = {2001}}

@phdthesis{orrellthesis,
	Author = {J. Orrell},
	Date-Added = {2012-07-09 18:58:45 -0400},
	Date-Modified = {2012-08-19 15:17:51 -0400},
	School = {University of Washington},
	Title = {A Search for and Electron Antineutrino signal in the Sudbury Neutrino Observatory},
	Year = {2004}}

@article{ncdNIM,
	Author = {J.F. Amsbaugh and J.M. Anaya and J. Banar and T.J. Bowles and M.C. Browne and T.V. Bullard and T.H. Burritt and G.A. Cox-Mobrand and X. Dai and H. Deng and M. Di Marco and P.J. Doe and M.R. Dragowsky and C.A. Duba and F.A. Duncan and E.D. Earle and S.R. Elliott and E.-I. Esch and H. Fergani and J.A. Formaggio and M.M. Fowler and J.E. Franklin and P. GeissbâÂºhler and J.V. Germani and A. Goldschmidt and E. Guillian and A.L. Hallin and G. Harper and P.J. Harvey and R. Hazama and K.M. Heeger and J. Heise and A. Hime and M.A. Howe and M. Huang and L.L. Kormos and C. Kraus and C.B. Krauss and J. Law and I.T. Lawson and K.T. Lesko and J.C. Loach and S. Majerus and J. Manor and S. McGee and K.K.S. Miknaitis and G.G. Miller and B. Morissette and A. Myers and N.S. Oblath and H.M. Oâ{\"A}{\^o}Keeffe and R.W. Ollerhead and S.J.M. Peeters and A.W.P. Poon and G. Prior and S.D. Reitzner and K. Rielage and R.G.H. Robertson and P. Skensved and A.R. Smith and M.W.E. Smith and T.D. Steiger and L.C. Stonehill and P.M. Thornewell and N. Tolich and B.A. VanDevender and T.D. Van Wechel and B.L. Wall and H. Wan Chan Tseung and J. Wendland and N. West and J.B. Wilhelmy and J.F. Wilkerson and J.M. Wouters},
	Date-Added = {2012-06-06 12:46:49 -0400},
	Date-Modified = {2012-06-06 12:47:00 -0400},
	Doi = {10.1016/j.nima.2007.05.321},
	Issn = {0168-9002},
	Journal = {Nuclear Instruments and Methods in Physics Research Section A: Accelerators, Spectrometers, Detectors and Associated Equipment},
	Keywords = {Chemical-vapor deposition},
	Number = {3},
	Pages = {1054 - 1080},
	Title = {An array of low-background 3He proportional counters for the Sudbury Neutrino Observatory},
	Url = {http://www.sciencedirect.com/science/article/pii/S0168900207012089},
	Volume = {579},
	Year = {2007},
	Bdsk-Url-1 = {http://www.sciencedirect.com/science/article/pii/S0168900207012089},
	Bdsk-Url-2 = {http://dx.doi.org/10.1016/j.nima.2007.05.321}}

@article{snoNIM,
	Author = {J Boger \emph{et. al.}},
	Date-Added = {2012-06-06 12:44:39 -0400},
	Date-Modified = {2013-09-13 17:59:10 +0000},
	Doi = {10.1016/S0168-9002(99)01469-2},
	Issn = {0168-9002},
	Journal = {Nuclear Instruments and Methods in Physics Research Section A: Accelerators, Spectrometers, Detectors and Associated Equipment},
	Keywords = {Water purification},
	Number = {1â{\"A}{\`\i}2},
	Pages = {172 - 207},
	Title = {The Sudbury Neutrino Observatory},
	Url = {http://www.sciencedirect.com/science/article/pii/S0168900299014692},
	Volume = {449},
	Year = {2000},
	Bdsk-Url-1 = {http://www.sciencedirect.com/science/article/pii/S0168900299014692},
	Bdsk-Url-2 = {http://dx.doi.org/10.1016/S0168-9002(99)01469-2}}
